<record xmlns="http://www.loc.gov/MARC21/slim" xmlns:xsi="http://www.w3.org/2001/XMLSchema-instance" xsi:schemaLocation="http://www.loc.gov/MARC21/slim http://www.loc.gov/standards/marcxml/schema/MARC21slim.xsd"><leader>02038nam a2200421   4500</leader><controlfield tag="001">3068080</controlfield><controlfield tag="003">NNC</controlfield><controlfield tag="006">m        d        </controlfield><controlfield tag="007">cr cn |||m|||a</controlfield><controlfield tag="008">150223s1964    iq      ob    000 0 araod</controlfield><datafield ind1=" " ind2=" " tag="040"><subfield code="a">NNU</subfield><subfield code="b">eng</subfield><subfield code="e">rda</subfield><subfield code="c">NNU</subfield></datafield><datafield ind1=" " ind2="4" tag="050"><subfield code="a">PJ6576</subfield><subfield code="b">.S18</subfield></datafield><datafield ind1="1" ind2=" " tag="100"><subfield code="6">880-01</subfield><subfield code="a">Sa&#772;marra&#772;&#700;i&#772;, Ibra&#772;hi&#772;m.</subfield></datafield><datafield ind1="1" ind2="3" tag="245"><subfield code="6">880-02</subfield><subfield code="a">al-A&#699;la&#772;m al-&#699;Arabi&#772;yah /</subfield><subfield code="c">Ibra&#772;hi&#772;m al-Sa&#772;marra&#772;&#700;i&#772;.</subfield></datafield><datafield ind1="1" ind2="5" tag="246"><subfield code="6">880-03</subfield><subfield code="a">A&#699;la&#772;m al-&#699;Arabiyya:</subfield><subfield code="b"> e&#769;tude de nomes [sic] de personnes</subfield></datafield><datafield ind1=" " ind2=" " tag="260"><subfield code="6">880-04</subfield><subfield code="a">Baghda&#772;d :</subfield><subfield code="b">al-Maktabah al-Ahli&#772;yah,</subfield><subfield code="c">1964.</subfield></datafield><datafield ind1=" " ind2=" " tag="300"><subfield code="a">online resource (94 pages)</subfield></datafield><datafield ind1=" " ind2=" " tag="336"><subfield code="a">text</subfield><subfield code="2">rdacontent</subfield></datafield><datafield ind1=" " ind2=" " tag="337"><subfield code="a">computer</subfield><subfield code="2">rdamedia</subfield></datafield><datafield ind1=" " ind2=" " tag="338"><subfield code="a">online resource</subfield><subfield code="2">rdacarrier</subfield></datafield><datafield ind1=" " ind2=" " tag="500"><subfield code="a">Part of the Arabic Collections Online (ACO) project, contributed by Columbia University Libraries.</subfield></datafield><datafield ind1=" " ind2=" " tag="504"><subfield code="a">Includes bibliographical references (page 94).</subfield></datafield><datafield ind1=" " ind2=" " tag="533"><subfield code="a">Electronic reproduction.</subfield><subfield code="b">New York, N.Y. :</subfield><subfield code="c">New York University,</subfield><subfield code="d">2015.</subfield><subfield code="5">NNU</subfield></datafield><datafield ind1=" " ind2="0" tag="650"><subfield code="a">Arabic language.</subfield></datafield><datafield ind1=" " ind2="0" tag="650"><subfield code="a">Names, Personal</subfield><subfield code="x">Arabic.</subfield></datafield><datafield ind1=" " ind2="7" tag="650"><subfield code="a">Arabic language.</subfield><subfield code="2">fast</subfield><subfield code="0">(OCoLC)fst00812287</subfield></datafield><datafield ind1=" " ind2="7" tag="650"><subfield code="a">Names, Personal</subfield><subfield code="x">Arabic.</subfield><subfield code="2">fast</subfield><subfield code="0">(OCoLC)fst01751766</subfield></datafield><datafield ind1="2" ind2=" " tag="710"><subfield code="a">Columbia University.</subfield><subfield code="b">Libraries.</subfield></datafield><datafield ind1="0" ind2=" " tag="730"><subfield code="a">Arabic Collections Online.</subfield></datafield><datafield ind1="0" ind2="8" tag="776"><subfield code="i">Online version:</subfield><subfield code="a">Sa&#772;marra&#772;&#700;i&#772;, Ibra&#772;hi&#772;m.</subfield><subfield code="t">A&#699;la&#772;m al-&#699;Arabi&#772;yah.</subfield><subfield code="d">Baghda&#772;d : al-Maktabah al-Ahli&#772;yah, 1964</subfield><subfield code="w">(OCoLC)580088705</subfield></datafield><datafield ind1="0" ind2="8" tag="776"><subfield code="i">Print version:</subfield><subfield code="a">Sa&#772;marra&#772;&#700;i&#772;, Ibra&#772;hi&#772;m.</subfield><subfield code="t">al-A&#699;la&#772;m al-&#699;Arabi&#772;yah</subfield><subfield code="w">(NNC)3068080</subfield><subfield code="w">(OCoLC)23492186</subfield></datafield><datafield ind1="4" ind2="0" tag="856"><subfield code="u">http://hdl.handle.net/2333.1/05qftw51</subfield></datafield><datafield ind1="1" ind2=" " tag="880"><subfield code="6">100-01/r</subfield><subfield code="a">&#1587;&#1575;&#1605;&#1585;&#1575;&#1574;&#1610;&#1548; &#1575;&#1576;&#1585;&#1575;&#1607;&#1610;&#1605;.</subfield></datafield><datafield ind1="1" ind2="2" tag="880"><subfield code="6">245-02/r</subfield><subfield code="a">&#1575;&#1604;&#1575;&#1593;&#1604;&#1575;&#1605; &#1575;&#1604;&#1593;&#1585;&#1576;&#1610;&#1577; /</subfield><subfield code="c">&#1575;&#1576;&#1585;&#1575;&#1607;&#1610;&#1605; &#1575;&#1604;&#1587;&#1575;&#1605;&#1585;&#1575;&#1574;&#1610;.</subfield></datafield><datafield ind1="1" ind2="5" tag="880"><subfield code="6">246-03/r</subfield><subfield code="a">&#1575;&#1604;&#1575;&#1593;&#1604;&#1575;&#1605; &#1575;&#1604;&#1593;&#1585;&#1576;&#1610;&#1577;:</subfield><subfield code="b"> e&#769;tude de nomes [sic] de personnes</subfield></datafield><datafield ind1=" " ind2=" " tag="880"><subfield code="6">260-04/r</subfield><subfield code="a">&#1576;&#1594;&#1583;&#1575;&#1583; :</subfield><subfield code="b">&#1575;&#1604;&#1605;&#1603;&#1578;&#1576;&#1577; &#1575;&#1604;&#1575;&#1607;&#1604;&#1610;&#1577;&#1548;</subfield><subfield code="c">1964.</subfield></datafield><datafield ind1=" " ind2=" " tag="959"><subfield code="a">NNU</subfield><subfield code="b">WEB</subfield><subfield code="c">GENI</subfield><subfield code="t">0</subfield><subfield code="m">Electronic access</subfield><subfield code="s">01</subfield></datafield><datafield ind1=" " ind2=" " tag="999"><subfield code="i">NNC_3068080</subfield><subfield code="o">(OCoLC)23492186</subfield><subfield code="e">OK</subfield><subfield code="s">columbia_aco000096</subfield></datafield></record>